% This file was created with JabRef 2.8.
% Encoding: UTF-8

@PHDTHESIS{weil2007,
  author = {Sage A. Weil},
  title = {Ceph: A Scalable, High-Performance Distributed File System},
  school = {University of California, Santa Cruz},
  year = {2007},
  owner = {milk},
  timestamp = {2012.08.03}
}

@CONFERENCE{weil2006,
  author = {Sage A. Weil and
	
	Scott A. Brandt and
	
	Ethan L. Miller and 
	
	Darrell D. E. Long and
	
	Carlos Maltzahn},
  title = {Ceph: A Scalable, High-Performance Distributed File System},
  booktitle = {OSDI ’06: 7th USENIX Symposium on Operating Systems Design and Implementation},
  year = {2006},
  volume = {7},
  journal = {OSDI ’06: 7th USENIX Symposium on Operating Systems Design and Implementation},
  owner = {milk},
  timestamp = {2012.08.03}
}

@comment{jabref-meta: selector_review:}

@comment{jabref-meta: selector_publisher:}

@comment{jabref-meta: selector_author:}

@comment{jabref-meta: selector_journal:}

@comment{jabref-meta: selector_keywords:}

